@article{redmon2018yolov3,
  title={YOLOv3: An Incremental Improvement},
  author={Redmon, Joseph and Farhadi, Ali},
  journal = {arXiv},
  year={2018}
}

@misc{girshick2014rich,
    title={Rich feature hierarchies for accurate object detection and semantic segmentation}, 
    author={Ross Girshick and Jeff Donahue and Trevor Darrell and Jitendra Malik},
    year={2014},
    eprint={1311.2524},
    archivePrefix={arXiv},
    primaryClass={cs.CV}
}

@incollection{liu2016,
    doi = {10.1007/978-3-319-46448-0_2},
    url = {https://doi.org/10.1007\%2F978-3-319-46448-0_2},
    year = 2016,
    publisher = {Springer International Publishing},
    pages = {21--37},
    author = {Wei Liu and Dragomir Anguelov and Dumitru Erhan and Christian Szegedy and Scott Reed and Cheng-Yang Fu and Alexander C. Berg},
    title = {{SSD}: Single Shot {MultiBox} Detector},
    booktitle = {Computer Vision {\textendash} {ECCV} 2016}
}

@article{sharma2022towards,
  title={Towards the development of a cost-effective Image-Sensing-Smart-Parking Systems (ISenSmaP)},
  author={Sharma, Aakriti},
  year={2022}
}

@article{lisboa2022systematic,
  title={A Systematic Review on Computer Vision-Based Parking Lot Management Applied on Public Datasets},
  author={Lisboa de Almeida, Paulo Ricardo and Hon{\'o}rio Alves, Jeovane and Stubs Parpinelli, Rafael and Barddal, Jean Paul},
  journal={arXiv e-prints},
  pages={arXiv--2203},
  year={2022}
}

@article{nguyenyolo5pklot,
  title={YOLO5PKLot: A Parking Lot Detection Network Based on Improved YOLOv5 for Smart Parking Management System},
  author={Nguyen, Duy-Linh and Vo, Xuan-Thuy and Priadana, Adri and Jo, Kang-Hyun},
  year={2023}
}

@article{de2015pklot,
  title={PKLot--A robust dataset for parking lot classification},
  author={De Almeida, Paulo RL and Oliveira, Luiz S and Britto Jr, Alceu S and Silva Jr, Eunelson J and Koerich, Alessandro L},
  journal={Expert Systems with Applications},
  volume={42},
  number={11},
  pages={4937--4949},
  year={2015},
  publisher={Elsevier}
}

@article{amato2017deep,
  title={Deep learning for decentralized parking lot occupancy detection},
  author={Amato, Giuseppe and Carrara, Fabio and Falchi, Fabrizio and Gennaro, Claudio and Meghini, Carlo and Vairo, Claudio},
  journal={Expert Systems with Applications},
  volume={72},
  pages={327--334},
  year={2017},
  publisher={Elsevier}
}

@article{nieto2018automatic,
  title={Automatic vacant parking places management system using multicamera vehicle detection},
  author={Nieto, Rafael Mart{\'\i}n and Garcia-Martin, Alvaro and Hauptmann, Alexander G and Martinez, Jose M},
  journal={IEEE Transactions on Intelligent Transportation Systems},
  volume={20},
  number={3},
  pages={1069--1080},
  year={2018},
  publisher={IEEE}
}

@article{rafique2023optimized,
  title={Optimized real-time parking management framework using deep learning},
  author={Rafique, Sarmad and Gul, Saba and Jan, Kaleemullah and Khan, Gul Muhammad},
  journal={Expert Systems with Applications},
  volume={220},
  pages={119686},
  year={2023},
  publisher={Elsevier}
}

@misc{websiteyolo,
    title={WebsiteYOLO: The back-end for the YOLOv3 object detector running as a webapp},
    author={v-iashin},
    howpublished="Dostęp zdalny (26.05.2023): \url{https://github.com/v-iashin/WebsiteYOLO}",
    year={2023}
}

@misc{yolopytorch,
    title={YOLOv3-PyTorch: Pytorch implements yolov3.Good performance, easy to use, fast speed.},
    author={Lornatang},
    howpublished="Dostęp zdalny (26.05.2023): \url{https://github.com/Lornatang/YOLOv3-PyTorch}",
    year={2023}
}

@inproceedings{ding2019vehicle,
  title={Vehicle and parking space detection based on improved YOLO network model},
  author={Ding, Xiangwu and Yang, Ruidi},
  booktitle={Journal of Physics: Conference Series},
  volume={1325},
  number={1},
  pages={012084},
  year={2019},
  organization={IOP Publishing}
}

@misc{liu2018path,
      title={Path Aggregation Network for Instance Segmentation}, 
      author={Shu Liu and Lu Qi and Haifang Qin and Jianping Shi and Jiaya Jia},
      year={2018},
      eprint={1803.01534},
      archivePrefix={arXiv},
      primaryClass={cs.CV}
}

@misc{bochkovskiy2020yolov4,
      title={YOLOv4: Optimal Speed and Accuracy of Object Detection}, 
      author={Alexey Bochkovskiy and Chien-Yao Wang and Hong-Yuan Mark Liao},
      year={2020},
      eprint={2004.10934},
      archivePrefix={arXiv},
      primaryClass={cs.CV}
}
